[1]	D. N. Meldrum, J. R. Williams, and C. J. Conway, “Storage life and utility of mechanical fire-fighting foam liquids,” Fire Technol., vol. 1, no. 2, pp. 112–121, 1965, doi: 10.1007/BF02588481.
[2]	R. Oguike, “Study of Fire Fighting Foam Agent From Palm Oil for Extinguishing of Petrol Fires,” Sci. Postprint, vol. 1, no. 1, 2013, doi: 10.14340/spp.2013.12a0002.
[3]	P. Adhikari, Understanding Firefighting Foams, no. April. 2018.
[4]	X. Dauchy, V. Boiteux, C. Bach, C. Rosin, and J. Munoz, “Chemosphere Per- and poly fluoroalkyl substances in firefighting foam concentrates and water samples collected near sites impacted by the use of these foams,” Chemosphere, vol. 183, pp. 53–61, 2017, doi: 10.1016/j.chemosphere.2017.05.056.
[5]	I. Tureková and K. Balog, “The Environmental Impacts of Fire-Fighting Foams,” Fire Sci. Technol., vol. 18, no. 29, pp. 111–120, 2010, doi: 10.2478/v10186-010-0033-z.
[6]	J. L. Scheffey, R. L. Darwin, and J. T. Leonard, “Evaluating firefighting foams for aviation fire protection,” Fire Technol., vol. 31, no. 3, pp. 224–243, Aug. 1995, doi: 10.1007/BF01039193.
[7]	HM Fire Service Inspectorate, “Fire Service Manual. Volume 1 Fire Service Technology , Equipment and Media,” 2000.
[8]	S. Wang, “Research on aqueous film-forming foam concentrate formulations and properties,” IOP Conf. Ser. Earth Environ. Sci., vol. 295, no. 3, pp. 1–4, 2019, doi: 10.1088/1755-1315/295/3/032072.
[9]	AFFF Foam Concentrates - Chemguard, “Foaming properties.” https://www.chemguard.com/fire-suppression/catalog/foam-concentrates/aqueous-film-forming-foam-afff/C306-MS.aspx (accessed Apr. 04, 2020).
[10]	A. J. Laundess, M. S. Rayson, B. Z. Dlugogorski, and E. M. Kennedy, “Suppression Performance Comparison for Aspirated, Compressed-Air and In Situ Chemically Generated Class B Foams,” Fire Technol., vol. 48, no. 3, pp. 625–640, 2012, doi: 10.1007/s10694-010-0155-z.
[11]	Z. Xi, “Experimental Investigation of the Innovative Foaming Device Using Gas as the Sole Power for Firefighting,” Environ. Sci. Saf. Eng., vol. 25, no. 4, pp. 326–330, 2016, doi: 10.1002/prs.
[12]	H. S. Mukunda and C. S. B. Dixit, “Phenomenological Model and Experimental Comparisons on Static Foam Drainage for Fire Fighting Foams,” Fire Sci. Technol., vol. 35, no. 1, pp. 1–17, 2016, doi: 10.3210/fst.35.1.
[13]	D. Rie, J. Lee, and S. Kim, “applied sciences Class B Fire-Extinguishing Performance Evaluation of a Compressed Air Foam System at Different Air-to-Aqueous Foam Solution Mixing Ratios,” Appl. Sci., vol. 6, p. 191, 2016, doi: 10.3390/app6070191.
[14]	Z. Xu, X. Guo, L. Yan, and W. Kang, “Case Studies in Thermal Engineering Fire-extinguishing performance and mechanism of aqueous film-forming foam in diesel pool fire,” Case Stud. Therm. Eng., vol. 17, no. November 2019, p. 100578, 2020, doi: 10.1016/j.csite.2019.100578.
[15]	H. Persson, Fire Extinguishing Foams: Resistance Against Heat Radiation: project 609-903. Swedish National Testing and Research Institute, SP-RAPP: Statens provningsansalts, 1992.
[16]	T. J. Martin, “Fire-Fighting Foam Technology,” in Foam Engineering: Fundamentals and Applications, 2nd ed., P. Stevenson, Ed. John Wiley and Sons,Iincoporated, 2012, pp. 411–457.
[17]	G. B. Geyer, Evaluation of Aircrafts Ground Firefighting Agents and Techniques. Department of Transport, Federal Aviation Administration, 1972.
[18]	G. B. Geyer, L. M. Nert, and C. H. Urban, “Comparative evaluation of firefighting foam,” United States Patent 790928043, 1979.
[19]	K. M. Hinnant, M. W. Conroy, and R. Ananth, “Colloids and Surfaces A : Physicochemical and Engineering Aspects Influence of fuel on foam degradation for fluorinated and fluorine-free foams,” Colloids Surfaces A Physicochem. Eng. Asp., vol. 522, pp. 1–17, 2017, doi: 10.1016/j.colsurfa.2017.02.082.
[20]	K. Osei-bonsu, N. Shokri, and P. Grassia, “Colloids and Surfaces A : Physicochemical and Engineering Aspects Foam stability in the presence and absence of hydrocarbons : From bubble- to bulk-scale,” Colloids Surfaces A Physicochem. Eng. Asp., vol. 481, pp. 514–526, 2015, doi: 10.1016/j.colsurfa.2015.06.023.
[21]	H. Do, M. Brady, D. P. Telionis, P. P. Vlachos, and R. Yoon, “Numerical modeling and experiments of coarsening foam,” Int. J. Miner. Process., vol. 98, no. 1–2, pp. 66–73, 2011, doi: 10.1016/j.minpro.2010.10.008.
[22]	M. Zhao et al., “Improving the performance of fluoroprotein foam in extinguishing gasoline pool fi res with addition of bromofluoropropene,” Fire Mater., vol. 40, no. November 2014, pp. 261–272, 2016, doi: 10.1002/fam.
[23]	S. A. Milley, I. Koch, P. Fortin, J. Archer, D. Reynolds, and K. P. Weber, “Estimating the number of airports potentially contaminated with per fl uoroalkyl and poly fl uoroalkyl substances from aqueous fi lm forming foam : A Canadian example,” vol. 222, no. May, pp. 122–131, 2018, doi: 10.1016/j.jenvman.2018.05.028.
[24]	H. Person, B. Lonnermark, A. Persson, “FOAMSPEX: Large Scale Foam Application—Modelling of Foam Spread and Extinguishment,” Fire Technol., vol. 39, pp. 347–362, 2003.
[25]	E. Minay and A. Boccaccini, “Metals,” in Biomaterials, Artificial Organs and Tissue Engineering, 1st, Ed. United States: Woodhead Publishing, 2005, pp. 15–25.
[26]	M. G. Ceruti, “States of Matter and States of information,” in International Society for Computers and their Applications (ICSA), 2002.
[27]	R. Timings, “Engineering materials and heat treatment,” in Fabrication and Welding Engineering, Oxford: Elsevier Ltd, 2008, pp. 69–81.
[28]	H. Mcarthur and D. Spalding, “Metal and alloys,” in Engineering Materials amd Science Properties, Uses, Degradation, Remediation, Woodhead Publishing Limited, Ed. Cambridge: Horwood Publishing Limited, 2004, pp. 316–363.
[29]	S. Mridha, “Metallic materials,” in Materials Science and Materials Engineering, Glasgow: Elsevier Inc., 2016, pp. 1–7.
[30]	R.M.C Molabe, “Determining the optimum welding material of 3CR12 stainless steel,” University of Johannesburg, 2018.
[31]	D. Torrington, “Metallic bonding,” Siyavula Technology powered-learning, 2020. https://www.siyavula.com/read/science/grade-10/chemical-bonding/06-chemical-bonding-05 (accessed Jun. 27, 2020).
[32]	Jim Clark, “Metallic bonding,” Chemistry libreTexts, 2020. https://chem.libretexts.org/Bookshelves/Physical_and_Theoretical_Chemistry_Textbook_Maps/Supplemental_Modules_(Physical_and_Theoretical_Chemistry)/Chemical_Bonding/Fundamentals_of_Chemical_Bonding/Metallic_Bonding (accessed Jun. 28, 2020).
[33]	Anne Marie Helmenstine, “Metallic Bond: Definition, Properties, and Examples,” ThoughtCo., 2019. https://www.thoughtco.com/metallic-bond-definition-properties-and-examples-4117948 (accessed Jun. 28, 2020).
[34]	W.Callister and D. Rethwisch, “Materials and Structure,” in Materials Science & Engineering, 9th ed., United States: John Wiley and Sons, 2014, p. 905.
[35]	L. Li, M. Mahmoodian, C. Li, and D. Robert, “Effect of corrosion and hydrogen embrittlement on microstructure and mechanical properties of mild steel,” vol. 170, pp. 78–90, 2018, doi: 10.1016/j.conbuildmat.2018.03.023.
[36]	R. Sadeghi, M. Amirnasr, S. Meghdadi, and M. Talebian, “Carboxamide derivatives as new corrosion inhibitors for mild steel protection in hydrochloric acid solution,” Corros. Sci., vol. 151, no. February, pp. 190–197, 2019, doi: 10.1016/j.corsci.2019.02.019.
[37]	Dave Olsen, “How To Evaluate Materials - Properties To Consider,” Metal Tek International, 2016. https://marketing.metaltek.com/smart-blog/how-to-evaluate-materials-properties-to-consider (accessed Jul. 06, 2020).
[38]	M.Khebra, “AISI 1018 Mild / Low Carbon Steel.” AZO Materials, p. 3, 2019, [Online]. Available: https://www.azom.com/article.aspx?ArticleID=6115.
[39]	J. Abou-Jahjah and J. Dobránszky., “Mechanical Properties Improvement of Low Carbon Steel by Combined Heat Treatments,” Metals Technology. pp. 1–15, 2001, Accessed: Jan. 19, 2021. [Online]. Available: real.mtak.hu/5650/1/1155611.pdf.
[40]	Yunus. A Cengel, “Heat conduction equation,” in Heat transfer, A practical approach, 2nd ed., Boston, Mass: WBC McGraw-Hill, 1995, pp. 61–113.
[41]	S. Islam, K. Otani, and M. Sakairi, “Effects of metal cations on mild steel corrosion in 10 mM Cl − aqueous solution,” Corros. Sci., vol. 131, no. November 2017, pp. 17–27, 2018, doi: 10.1016/j.corsci.2017.11.015.
[42]	T. Sourmail and H. K. D. H. Bhadeshia, “Stainless steels,” University of Cambridge, 2005. https://www.phase-trans.msm.cam.ac.uk/2005/Stainless_steels/stainless.html (accessed Jul. 07, 2020).
[43]	G. George and H. Shaikh, Introduction to Austenitic Stainless Steels. Alpha Science International Ltd, 2002.
[44]	H. Bhadeshia and R. Honeycombe, “Stainless Steel,” in Steels: Microstructure and Properties, 4th ed., United States of America: Elsevier Ltd, 2017, pp. 343–376.
[45]	R. . Gunn, “Physical and Mechanical Properties,” in Duplex Stainless Steels: Microstructure, Properties and Applications, R. . Gunn, Ed. Cambridge: Woodhead Publishing Limited, 1997, pp. 56–67.
[46]	A. I. Karayan and H. Castaneda, “Weld decay failure of a UNS S31603 stainless steel storage tank,” Eng. Fail. Anal., vol. 44, pp. 351–362, 2014, doi: 10.1016/j.engfailanal.2014.05.008.
[47]	Wit Grzesik, “MACHINABILITY OF ENGINEERING MATERIALS,” in Advanced Machining Processes of Metallic Materials, 2nd ed., Heather Cain, Ed. Amsterdam: Joe Hayton, 2008, pp. 183–196.
[48]	M. Chigondo and F. Chigondo, “Recent Natural Corrosion Inhibitors for Mild Steel : An Overview,” J. Chem., vol. 2016, p. 7, 2016, doi: http://dx.doi.org/10.1155/2016/6208937.
[49]	“Corrosive wastes,” Department of Toxic Subsatances Control, 2012. http://ccelearn.csus.edu/wasteclass/mod6/mod6_16.html (accessed Jul. 14, 2020).
[50]	P. Marcus and E. Protopopoff, “Surface effects on Hydrogen Entry into Metals,” in Corrosion Mechanisms in Theory and Practice, Third., P. Marcus, Ed. Broken Sound Parkway NW: Taylor and Francis group, 2012, pp. 105–149.
[51]	R. P. R. and V. J. A. G.W. Whitman, “Effect of pH on corrosion of iron aerated water at room temperature,” Ind. Eng. Chem. Res., vol. 16, no. 71, p. 665, 1924.
[52]	M. Eklund, “CORROSION CONCERNS,” Water and wastes digest, 2008. https://www.wwdmag.com/coatings/corrosion-concerns (accessed Mar. 07, 2020).
[53]	Z. Pei et al., “Understanding environmental impacts on initial atmospheric corrosion based on corrosion monitoring sensors,” J. Mater. Sci. Technol., pp. 1–8, 2020, doi: https://doi.org/10.1016/j.jmst.2020.01.023. In Press.
[54]	Y. Cai, Y. Zhao, X. Ma, K. Zhou, and Y. Chen, “Influence of environmental factors on atmospheric corrosion in dynamic environment,” Corros. Sci., vol. 137, no. March, pp. 163–175, 2018, doi: 10.1016/j.corsci.2018.03.042.
[55]	C. Akintoye, R. Tolulope, and A. Patricia, “Performance evaluation of zinc anodes for cathodic protection of mild steel corrosion in HCL,” Chem. Data Collect., vol. 24, pp. 100–280, 2019, doi: 10.1016/j.cdc.2019.100280.
[56]	F. G. Torres and C. L. Aragon, “Final product testing of rotational moulded natural fibre-reinforced polyethylene,” Polym. Test., vol. 25, no. 4, pp. 568–577, 2006, doi: 10.1016/j.polymertesting.2006.03.010.
[57]	H. Clemens, S. Mayer, and C. Scheu, “Microstructure and Properties of Engineering Materials,” in Fundamentals to Applications of Engineering Materials, 2nd ed., H. C. and S. M. Peter Staron, Andreas Schreyer, Ed. United States: Wiley-VCH GmbH and Co.KGaA, 2017, pp. 1–20.
[58]	C. Suryanarayana, “Microstructure : An Introduction,” in Aerospace Materials and Materials Technologies, no. November 2017, N. E. Prasad and R.J.H Wanhill, Ed. Singapore: Springer Science and Business Media Singapore, 2018, pp. 105–123.
[59]	Daniel J. Schaeffler, “A review of steel microstructures,” The Fabricator, 2016. https://www.thefabricator.com/thefabricator/article/metalsmaterials/a-review-of-steel-microstructures (accessed Jul. 21, 2020).
[60]	M. F. Ashby and D.R.H. Jones, “Metal Structures,” in Engineering Materials 2: An introduction to Microstructures and Processing, 4th ed., Elsevier Inc., 2013, pp. 15–31.
[61]	K P Shah, “Practical Maintenance, Improve the quality of life,” Hand book on Mechanical Maintenance, 2016. https://practicalmaintenance.net/?p=1315 (accessed Jul. 22, 2020).
[62]	Harry Bhadeshia Robert Honeycombe, “Acicular ferrite,” in Steels: Microstructure and Properties, 3rd ed., Cambridge: Butterworth-Heinemann, 2006, pp. 84–91.
[63]	M. F. Ashby and D.R.H. Jones, “Equilibrium Constitution & Phase Diagrams,” in Engineering Materials 2: An Introduction to Microstructures, Processing and Design (International Series on Materials Science and Technology), 3rd ed., Butterworth-Heinemann, 2005, pp. 21–38.
[64]	“Practical guideline for the fabrication of duplex stainless steel,” International Molybdenum Association, 2014. https://www.imoa.info/molybdenum-uses/molybdenum-grade-stainless-steels/duplex-stainless-steel.php (accessed Jul. 28, 2020).
[65]	M. B. Mampuya, M. C. Umba, K. Mutombo, and P. A. Olubambi, “Materials Today : Proceedings Effect of heat treatment on the microstructure of duplex stainless steel 2205,” Mater. Today Proc., 2020, doi: 10.1016/j.matpr.2020.06.196. In Press.
[66]	R. Singh, “Heat treatment of steels,” in Applied weliding engineering, processes, codes, and standards, Second., Oxford: Elsevier Inc., 2016, pp. 111–123.
[67]	S. Nikkhah, H. Mirzadeh, and M. Zamani, “Materials Science & Engineering A Improved mechanical properties of mild steel via combination of deformation , intercritical annealing , and quench aging,” Mater. Sci. Eng. A, vol. 756, no. April, pp. 268–271, 2019, doi: 10.1016/j.msea.2019.04.071.
[68]	S. Sarkar, S. Mukherjee, C. Siva, and A. Kumar, “Effects of heat treatment on microstructure , mechanical and corrosion properties of 15-5 PH stainless steel parts built by selective laser melting process,” J. Manuf. Process., vol. 50, no. September 2018, pp. 279–294, 2020, doi: 10.1016/j.jmapro.2019.12.048.
[69]	L. Wang, C. Dong, C. Man, D. Kong, K. Xiao, and X. Li, “Enhancing the corrosion resistance of selective laser melted 15-5PH martensite stainless steel via heat treatment,” Corros. Sci., vol. 166, no. January, p. 108427, 2020, doi: 10.1016/j.corsci.2019.108427.
[70]	F. X. Ding, L. F. Lan, Y. J. Yu, and M. K. Man, “Experimental study of the effect of a slow-cooling heat treatment on the mechanical properties of high strength steels,” Constr. Build. Mater., vol. 241, p. 118020, 2020, doi: 10.1016/j.conbuildmat.2020.118020.
[71]	H. Essoussi, and S, Elmouhri, “Heat treatment effect on mechanical properties of AISI 304 austenitic stainless steel,” Procedia Manuf., vol. 32, pp. 883–888, 2019, doi: 10.1016/j.promfg.2019.02.298.
[72]	S. A. H. Roslan, “Mixing Ratio on the Tensile Strength of High Density,” 2013.
[73]	P. Nugent, “Rotational Molding,” in Applied Plastics Engineering Handbook, Second Edi., Reading, United States: Elsevier Inc., 2017, pp. 321–344.
[74]	S. Kurtz and M. Manley, “Cross-Linked Polyethylene,” Surg. Treat. Hip Arthritis Reconstr. Replace. Revis., no. November 2004, pp. 456–467, 2009, doi: 10.1016/B978-1-4160-5898-4.00061-6.
[75]	W. M. S. and N. B. Aslinda Hassan, Siah Bing Sheng, History and Physical Chemistry of HDPE, vol. 1908, no. January. 2019.
[76]	S. T. Tamboli, S M. Mhaske, “Cross-Linked Polyethylene Cross-Linked Polyethylene,” Encycl. Chem. Process., no. January, pp. 577–587, 2005, doi: 10.1081/E-ECHP-120007720.
[77]	A. G. Andreopoulos and E. M. Kampouris, “Mechanical Properties of Crosslinked Polyethyelene,” Appl. Polym. Sci., vol. 31, no. 4, pp. 1061–1068, 1986, doi: https://doi.org/10.1002/app.1986.070310407.
[78]	U. M. and H. L. R. Patrerson, A. Kandelbauer, “Crosslinked Thermoplastics,” in Handbook of Thermoset Plastics, 3rd ed., H. D. and S. H. Goodman, Ed. Oxford: Elsevier Inc., 2014.
[79]	G. M. Carlomagno, “Cross-Linked Polyethylene Cross-Linked Polyethylene,” no. January 2015, 2005, doi: 10.1081/E-ECHP-120007720.
[80]	D. Houston, “Test Methods for Evaluation of ESCR of Plastics,” 2016. https://docplayer.net/21098298-3-test-methods-for-evaluation-of-escr-of-plastics.html (accessed Jun. 19, 2021).
[81]	J. Chater, “Storage and transportation tanks : two growing applications for stainless steel,” Stainless steel world, Zutpehe, Netherlands, pp. 1–4, Jan. 2014.
[82]	O. . O. and M. . H. C. Nwaoha, “Storage tanks,” in Process plant equipment, Operation, Control, and Reliability, M. Holloway, Ed. New Jersey: Jonh wiley and Sons, Incoporated, 2012, pp. 225–244.
[83]	N. Novgorod, “Tanks and vessels erection,” Sarrz Saratov Reservoir, 2020. https://sarrz.com/services/tanks_erection/ (accessed Jun. 02, 2020).
[84]	Bob. Long and Bob. Garner and roles & associates, Guide to storage tanks and equipment: the practical reference book and guide to storage tanks and ancillary equipment with a comprehensive buyer’s guide to worlwide manufacturers and suppliers. United Kingdom: Bury St. Edmungs, 2004.
[85]	M. A. S. and A. I. Muhammad Zain. Yousaf, Syed Hammad Hussain. Shah, “Improvements in maintenance of Above Storage Tanks and its future,” in Proceedings of 2nd International Multi-Disciplinary Conference, 2018, no. December 2016.
[86]	“Aboveground petroleum storage tanks,” Wikipedia. p. 109, 2017, [Online]. Available: https://www.extension.purdue.edu/extmedia/PPP/PPP-73.pdf.
[87]	J. I. Colombo, J. L. Almazán, C. Engineering, and U. D. Portales, “Simplified 3D model for the uplift analysis of liquid storage tanks,” Eng. Struct., vol. 196, no. June, pp. 109–278, 2019, doi: 10.1016/j.engstruct.2019.109278.
[88]	O. J. R. Olivar, S. Z. Mayorga, and F. M. Giraldo, “The effects of extreme winds on atmospheric storage tanks,” Reliab. Eng. Syst. Saf., vol. 195, no. September 2019, pp. 106–686, 2020, doi: 10.1016/j.ress.2019.106686.
[89]	G. Barker, “Storage tanks,” in The Engineer’s Guide to Plant Layout and Piping Design for the Oil and Gas Industries, Cambridge: Elsevier, 2018, pp. 361–380.
[90]	I. Ayres, “Storage tanks,” in Equipment and materials of construction, Elsevier Inc., 2019, pp. 209–235.
[91]	J.M. Rotter, “Silos and tanks in research and practice: State of the art and current challenges,” Wikipedia. p. 13, 2009, [Online]. Available: https://www.researchgate.net/publication/50838741_Silos_and_tanks_in_research_and_practice_State_of_the_art_and_current_challenges.
[92]	Y. Takao, “Effects of temperature on the response of composite bolted joints,” in Composite Joints and Connections, Woodhead Publishing Limited, 2011, pp. 295–319.
[93]	P. Zampieri et al., “Influence of corrosion morphology on the Fatigue strength of Bolted joints,” in Procedia Structural Integrity, 2017, vol. 5, pp. 409–415, doi: 10.1016/j.prostr.2017.07.189.
[94]	A. Rietz, “Failure of bolt connection in fiber reinforced plastic component exposed to bending torque,” Eng. Fail. Anal., vol. 84, no. November 2017, pp. 109–120, 2018, doi: 10.1016/j.engfailanal.2017.11.001.
[95]	D. S. Somasundaram, M. B. Trabia, and B. J. O’Toole, “A methodology for predicting high impact shock propagation within bolted-joint structures,” Int. J. Impact Eng., vol. 73, pp. 30–42, 2014, doi: 10.1016/j.ijimpeng.2014.06.004.
[96]	U. A. Khashaba, “Static and fatigue analysis of bolted/bonded joints modified with CNTs in CFRP composites under hot, cold and room temperatures,” Compos. Struct., vol. 194, no. January, pp. 279–291, 2018, doi: 10.1016/j.compstruct.2018.04.008.
[97]	M. de Benedetti, G. Garofalo, M. Zumpano, and R. Barboni, “On the damping effect due to bolted junctions in space structures subjected to pyro-shock,” Acta Astronaut., vol. 60, no. 12, pp. 947–956, 2007, doi: 10.1016/j.actaastro.2006.11.011.
[98]	M. T. Huynh, C. H. Pham, and G. J. Hancock, “Thin-Walled Structures Design of screwed connections in cold-formed steels in shear,” Thin-Walled Struct., vol. 154, no. December 2019, p. 106817, 2020, doi: 10.1016/j.tws.2020.106817.
[99]	M. T. Huynh, C. H. Pham, and G. J. Hancock, “Thin-Walled Structures Experimental behaviour and modelling of screwed connections of high strength sheet steels in shear,” Thin Walled Struct., vol. 146, no. December 2018, p. 106357, 2020, doi: 10.1016/j.tws.2019.106357.
[100]	A. Meram and A. Can, “Experimental investigation of screwed joints capabilities for the CFRP composite laminates,” Compos. Part B, vol. 176, no. June, p. 107142, 2019, doi: 10.1016/j.compositesb.2019.107142.
[101]	M. Casafont, A. Arnedo, and F. Roure, “Experimental testing of joints for seismic design of lightweight structures . Part 1 . Screwed joints in straps *,” Thin-Walled Struct., vol. 44, no. 2, pp. 197–210, 2006, doi: 10.1016/j.tws.2006.01.002.
[102]	H. Constanza et al., “Damages in weld join of water elevated reservoir steel structures,” Procedia Struct. Integr., vol. 11, pp. 114–121, 2018, doi: 10.1016/j.prostr.2018.11.016.
[103]	M. B. Chennaiah, P. N. Kumar, and K. P. Rao, “Materials Today : Proceedings Experimental investigation of microstructure and mechanical properties of IS2602-EN31 MIG welded joint,” Mater. Today Proc., pp. 1–5, 2020, doi: 10.1016/j.matpr.2020.01.619. In Pess.
[104]	R. . Gunn, “Weldment properties,” in Duplex Stainless Steels: Microstructure, Properties and Applications, R. . Gunn, Ed. Cambridge: Woodhead Publishing Limited, 1997, pp. 110–125.
[105]	G. S. Ammosov and M. P. Lebedev, “Influence of the volume of deposited weld metal on the service life of the vertical steel tank in the North,” Procedia Struct. Integr., vol. 20, no. 2018, pp. 306–309, 2019, doi: 10.1016/j.prostr.2019.12.156.
[106]	P. Pankaj, A. Tiwari, R. Bhadra, and P. Biswas, “Experimental investigation on CO2 laser butt welding of AISI 304 stainless steel and mild steel thin sheets,” Opt. Laser Technol., vol. 119, no. June, pp. 105–633, 2019, doi: 10.1016/j.optlastec.2019.105633.
[107]	S. Konosu and T. Nakaniwa, “HYDROGEN CRACKING OF FERRITIC STAINLESS STEEL THERMAL STORAGE TANKS,” Eng. Fail. Anal., vol. 5, no. 4, pp. 383–391, 2001, doi: 10.1016/B978-0-08-043959-4.50039-0.
[108]	M. Abo-elkhier and K. Muhammad, “Failure analysis of an exploded large-capacity liquid storage tank using fi nite element analysis,” Eng. Fail. Anal., vol. 110, no. January, p. 104401, 2020, doi: 10.1016/j.engfailanal.2020.104401.
[109]	S. Ebnesajjad, “Rotational Molding and Linings,” in Fluoroplastics, vol. 2, Elsevier Inc., 2015, pp. 348–369.
[110]	P. L. Ramkumar, A. Ramesh, P. P. Alvenkar, and N. Patel, “Prediction of heating cycle time in Rotational Moulding,” Mater. Today Proc., vol. 2, no. 4–5, pp. 3212–3219, 2015, doi: 10.1016/j.matpr.2015.07.116.
[111]	V. Sangeetha, D. Gopinath, R. Prithivirajan, V. Girish Chandran, and R. Manoj Kumar, “Investigating the mechanical, thermal and melt flow index properties of HNTs – LLDPE nano composites for the applications of rotational moulding,” Polym. Test., vol. 89, no. March, p. 106595, 2020, doi: 10.1016/j.polymertesting.2020.106595.
[112]	P. L. Ramkumar, D. M. Kulkarni, V. V. R. Abhijit, and A. Cherukumudi, “Investigation of Melt Flow Index and Impact Strength of Foamed LLDPE for Rotational Moulding Process,” Procedia Mater. Sci., vol. 6, no. Icmpc, pp. 361–367, 2014, doi: 10.1016/j.mspro.2014.07.046.
